<?xml version="1.0" encoding="UTF-8"?><collection xmlns="http://www.loc.gov/MARC21/slim"><record><leader>00376nam--2200133-i-4500</leader><controlfield tag="001">000019695</controlfield><controlfield tag="002">20161230</controlfield><controlfield tag="005">20161230201033</controlfield><controlfield tag="008">060222s1000------------r-----000-0-eng-d</controlfield><datafield ind1=" " ind2=" " tag="080"><subfield code="a">502.55:621.039.7:628.39</subfield></datafield><datafield ind1=" " ind2=" " tag="100"><subfield code="a">Eichholz, Geoffrey G</subfield></datafield><datafield ind1=" " ind2=" " tag="245"><subfield code="a">Environmental aspects of nuclear power</subfield></datafield><datafield ind1=" " ind2=" " tag="260"><subfield code="a">Ann Arbor, Ann Arbor Science Publishers Inc., 1976.683 P</subfield></datafield><datafield ind1=" " ind2=" " tag="852"><subfield code="a">45167</subfield></datafield></record></collection>